{"btc_usd":[{"type":"ask","price":29600.1,"amount":0.00075,"tid":205390159,"timestamp":1680700860},{"type":"ask","price":29600.1,"amount":0.00075,"tid":205390158,"timestamp":1680699994},{"type":"bid","price":29786.19840001,"amount":0.00011175,"tid":205390157,"timestamp":1680699837},{"type":"ask","price":29777.77777777,"amount":0.00145842,"tid":205390156,"timestamp":1680699302},{"type":"ask","price":29777.77777777,"amount":0.00028037,"tid":205390155,"timestamp":1680699298},{"type":"ask","price":29777.77777777,"amount":0.00028037,"tid":205390154,"timestamp":1680699291},{"type":"ask","price":29777.77777777,"amount":0.00145842,"tid":205390153,"timestamp":1680699291},{"type":"ask","price":29777.77777777,"amount":0.00028037,"tid":205390152,"timestamp":1680699283},{"type":"ask","price":29777.77777777,"amount":0.00145842,"tid":205390151,"timestamp":1680699277},{"type":"ask","price":29777.77777777,"amount":0.00028037,"tid":205390150,"timestamp":1680699273},{"type":"ask","price":29777.77777777,"amount":0.00145842,"tid":205390149,"timestamp":1680699260},{"type":"ask","price":29777.77777777,"amount":0.00028037,"tid":205390148,"timestamp":1680699253},{"type":"ask","price":29777.77777777,"amount":0.00080801,"tid":205390147,"timestamp":1680699250},{"type":"ask","price":29777.77777777,"amount":0.00145842,"tid":205390146,"timestamp":1680699249},{"type":"ask","price":29777.77777777,"amount":0.00018806,"tid":205390145,"timestamp":1680699248},{"type":"ask","price":29777.77777777,"amount":0.00028037,"tid":205390144,"timestamp":1680699246},{"type":"ask","price":29777.77777777,"amount":0.00021573,"tid":205390143,"timestamp":1680699077},{"type":"ask","price":29777.77777777,"amount":0.00075,"tid":205390142,"timestamp":1680699028},{"type":"bid","price":29777.77777777,"amount":0.1,"tid":205390141,"timestamp":1680698952},{"type":"bid","price":29763.98436088,"amount":0.0002,"tid":205390140,"timestamp":1680698952},{"type":"bid","price":29750.3,"amount":0.00853033,"tid":205390139,"timestamp":1680698952},{"type":"bid","price":29750.3,"amount":0.00043614,"tid":205390138,"timestamp":1680698943},{"type":"bid","price":29750.29999999,"amount":0.00006386,"tid":205390137,"timestamp":1680698943},{"type":"bid","price":29750.29999999,"amount":0.00017362,"tid":205390136,"timestamp":1680698937},{"type":"bid","price":29750.2,"amount":0.00032638,"tid":205390135,"timestamp":1680698937},{"type":"ask","price":29641.70756534,"amount":0.00000498,"tid":205390134,"timestamp":1680696821},{"type":"ask","price":29652.10999999,"amount":0.0005,"tid":205390133,"timestamp":1680696821},{"type":"ask","price":29641.70756534,"amount":0.00012437,"tid":205390132,"timestamp":1680696783},{"type":"ask","price":29707.63,"amount":0.0005,"tid":205390131,"timestamp":1680696783},{"type":"bid","price":29748.79999999,"amount":0.00015,"tid":205390130,"timestamp":1680692176},{"type":"ask","price":29455.74257425,"amount":0.00023748,"tid":205390129,"timestamp":1680691998},{"type":"ask","price":29455.8,"amount":0.00075,"tid":205390128,"timestamp":1680691998},{"type":"bid","price":29749.09999998,"amount":0.00011,"tid":205390127,"timestamp":1680691985},{"type":"ask","price":29455.8,"amount":0.00011573,"tid":205390126,"timestamp":1680690983},{"type":"ask","price":29455.8,"amount":0.0001,"tid":205390125,"timestamp":1680690773},{"type":"bid","price":29750.29999999,"amount":0.0001153,"tid":205390124,"timestamp":1680689596},{"type":"bid","price":29750.3,"amount":0.00037803,"tid":205390123,"timestamp":1680685536},{"type":"bid","price":29750.3,"amount":0.01177259,"tid":205390122,"timestamp":1680679724},{"type":"bid","price":29750,"amount":0.00067055,"tid":205390121,"timestamp":1680679724},{"type":"bid","price":29718,"amount":0.0004961,"tid":205390120,"timestamp":1680679724},{"type":"bid","price":29700,"amount":0.0042177,"tid":205390119,"timestamp":1680679724},{"type":"bid","price":29650,"amount":0.00252868,"tid":205390118,"timestamp":1680679724},{"type":"ask","price":29600,"amount":0.00030896,"tid":205390117,"timestamp":1680679386},{"type":"bid","price":29700,"amount":0.00013468,"tid":205390116,"timestamp":1680677796},{"type":"bid","price":29700,"amount":0.00044014,"tid":205390115,"timestamp":1680676211},{"type":"bid","price":29700,"amount":0.00017173,"tid":205390114,"timestamp":1680676207},{"type":"bid","price":29700,"amount":0.0001696,"tid":205390113,"timestamp":1680676147},{"type":"bid","price":29700,"amount":0.00018762,"tid":205390112,"timestamp":1680676104},{"type":"ask","price":29559.25,"amount":0.00039258,"tid":205390111,"timestamp":1680667817},{"type":"ask","price":29559.25,"amount":0.00010742,"tid":205390110,"timestamp":1680667811},{"type":"bid","price":29700,"amount":0.00017045,"tid":205390109,"timestamp":1680667429},{"type":"ask","price":29482.45039683,"amount":0.00040786,"tid":205390108,"timestamp":1680664946},{"type":"ask","price":29535.22,"amount":0.00015705,"tid":205390107,"timestamp":1680663475},{"type":"bid","price":29718.31000001,"amount":0.00016084,"tid":205390106,"timestamp":1680660622},{"type":"ask","price":29718.31000001,"amount":0.00392815,"tid":205390105,"timestamp":1680659676},{"type":"ask","price":29718.31000001,"amount":0.00016084,"tid":205390104,"timestamp":1680659675},{"type":"ask","price":29718.31000001,"amount":0.003,"tid":205390103,"timestamp":1680658450},{"type":"bid","price":29733.6,"amount":0.0015949,"tid":205390102,"timestamp":1680658084},{"type":"bid","price":29733.6,"amount":0.00029703,"tid":205390101,"timestamp":1680656247},{"type":"bid","price":29700,"amount":0.00438192,"tid":205390100,"timestamp":1680656119},{"type":"bid","price":29699,"amount":0.08895001,"tid":205390099,"timestamp":1680656119},{"type":"bid","price":29698.99999999,"amount":0.00019502,"tid":205390098,"timestamp":1680656119},{"type":"ask","price":29636.79311266,"amount":0.00011554,"tid":205390097,"timestamp":1680656058},{"type":"bid","price":29666.66666666,"amount":0.00410017,"tid":205390096,"timestamp":1680655578},{"type":"bid","price":29637.9,"amount":0.00247152,"tid":205390095,"timestamp":1680655578},{"type":"bid","price":29637.9,"amount":0.00058472,"tid":205390094,"timestamp":1680655578},{"type":"bid","price":29632.69846258,"amount":0.00010035,"tid":205390093,"timestamp":1680654887},{"type":"bid","price":29632.69845258,"amount":0.00305783,"tid":205390092,"timestamp":1680654887},{"type":"bid","price":29600,"amount":0.00018,"tid":205390091,"timestamp":1680654887},{"type":"bid","price":29530,"amount":0.02442119,"tid":205390090,"timestamp":1680654887},{"type":"ask","price":29517.72466416,"amount":0.00034312,"tid":205390089,"timestamp":1680654772},{"type":"bid","price":29508.14669997,"amount":0.00019439,"tid":205390088,"timestamp":1680654737},{"type":"bid","price":29508.1,"amount":0.00075,"tid":205390087,"timestamp":1680654737},{"type":"ask","price":29072.80006006,"amount":0.00034171,"tid":205390086,"timestamp":1680652685},{"type":"ask","price":29072.80005006,"amount":0.00054509,"tid":205390085,"timestamp":1680652683},{"type":"ask","price":29072.80005006,"amount":0.00013697,"tid":205390084,"timestamp":1680652683},{"type":"bid","price":29359.00000001,"amount":0.00252291,"tid":205390083,"timestamp":1680650508},{"type":"bid","price":29358.99999001,"amount":0.00329208,"tid":205390082,"timestamp":1680650508},{"type":"bid","price":29358.9,"amount":0.00075,"tid":205390081,"timestamp":1680650508},{"type":"bid","price":29358.99999001,"amount":0.00400769,"tid":205390080,"timestamp":1680650399},{"type":"ask","price":29000.70022006,"amount":0.00098229,"tid":205390079,"timestamp":1680650014},{"type":"ask","price":29114.8,"amount":0.00075,"tid":205390078,"timestamp":1680650014},{"type":"ask","price":29114.60011,"amount":0.00013326,"tid":205390077,"timestamp":1680649764},{"type":"bid","price":29359,"amount":0.00015516,"tid":205390076,"timestamp":1680649220},{"type":"bid","price":29359,"amount":0.00016332,"tid":205390075,"timestamp":1680649203},{"type":"bid","price":29359,"amount":0.00016332,"tid":205390074,"timestamp":1680649153},{"type":"bid","price":29359.00000001,"amount":0.00013251,"tid":205390073,"timestamp":1680649129},{"type":"bid","price":29358.99999001,"amount":0.00022148,"tid":205390072,"timestamp":1680649121},{"type":"bid","price":29358.99999001,"amount":0.00022148,"tid":205390071,"timestamp":1680649114},{"type":"bid","price":29358.99999001,"amount":0.00022148,"tid":205390070,"timestamp":1680649109},{"type":"bid","price":29358.99999001,"amount":0.00291889,"tid":205390069,"timestamp":1680649103},{"type":"bid","price":29358.99999001,"amount":0.00022148,"tid":205390068,"timestamp":1680649102},{"type":"bid","price":29358.99999001,"amount":0.0002036,"tid":205390067,"timestamp":1680649070},{"type":"bid","price":29358.99999001,"amount":0.00021427,"tid":205390066,"timestamp":1680649066},{"type":"bid","price":29358.99999001,"amount":0.00022148,"tid":205390065,"timestamp":1680649064},{"type":"bid","price":29358.99999001,"amount":0.00022148,"tid":205390064,"timestamp":1680649061},{"type":"bid","price":29358.99999001,"amount":0.00022148,"tid":205390063,"timestamp":1680649057},{"type":"bid","price":29358.99999001,"amount":0.00022151,"tid":205390062,"timestamp":1680649055},{"type":"bid","price":29358.99999001,"amount":0.00022151,"tid":205390061,"timestamp":1680649053},{"type":"bid","price":29358.99999001,"amount":0.00022151,"tid":205390060,"timestamp":1680649049},{"type":"bid","price":29358.99999001,"amount":0.00020633,"tid":205390059,"timestamp":1680649045},{"type":"bid","price":29358.99999001,"amount":0.00019521,"tid":205390058,"timestamp":1680649043},{"type":"bid","price":29358.99999001,"amount":0.00021959,"tid":205390057,"timestamp":1680649040},{"type":"bid","price":29358.99999001,"amount":0.00022151,"tid":205390056,"timestamp":1680649037},{"type":"bid","price":29358.99999001,"amount":0.00022151,"tid":205390055,"timestamp":1680649035},{"type":"bid","price":29358.99999001,"amount":0.00022151,"tid":205390054,"timestamp":1680649030},{"type":"bid","price":29358.99999001,"amount":0.00022151,"tid":205390053,"timestamp":1680649027},{"type":"bid","price":29358.99999001,"amount":0.00022151,"tid":205390052,"timestamp":1680649023},{"type":"bid","price":29358.99999001,"amount":0.00020157,"tid":205390051,"timestamp":1680649017},{"type":"bid","price":29358.99999001,"amount":0.00022154,"tid":205390050,"timestamp":1680649013},{"type":"bid","price":29358.99999001,"amount":0.00022154,"tid":205390049,"timestamp":1680649009},{"type":"bid","price":29358.99999001,"amount":0.00013616,"tid":205390048,"timestamp":1680648997},{"type":"bid","price":29358.9,"amount":0.00008538,"tid":205390047,"timestamp":1680648997},{"type":"bid","price":29358.9,"amount":0.00022154,"tid":205390046,"timestamp":1680648994},{"type":"bid","price":29358.9,"amount":0.00022154,"tid":205390045,"timestamp":1680648991},{"type":"bid","price":29358.9,"amount":0.00022154,"tid":205390044,"timestamp":1680648988},{"type":"bid","price":29358.99999001,"amount":0.00022154,"tid":205390043,"timestamp":1680648970},{"type":"bid","price":29358.99999001,"amount":0.00022154,"tid":205390042,"timestamp":1680648966},{"type":"bid","price":29358.99999001,"amount":0.00022154,"tid":205390041,"timestamp":1680648963},{"type":"bid","price":29358.99999001,"amount":0.00022154,"tid":205390040,"timestamp":1680648959},{"type":"bid","price":29359.00000001,"amount":0.00017886,"tid":205390039,"timestamp":1680648951},{"type":"ask","price":29359.00000001,"amount":0.00021355,"tid":205390038,"timestamp":1680648950},{"type":"bid","price":29499.99999,"amount":0.00017694,"tid":205390037,"timestamp":1680647252},{"type":"bid","price":29499.9,"amount":0.00023898,"tid":205390036,"timestamp":1680644418},{"type":"bid","price":29492.7,"amount":0.0002139,"tid":205390035,"timestamp":1680643704},{"type":"bid","price":29492.3,"amount":0.00001549,"tid":205390034,"timestamp":1680643425},{"type":"bid","price":29492.29999999,"amount":0.0001369,"tid":205390033,"timestamp":1680643425},{"type":"ask","price":29130.9,"amount":0.0001549,"tid":205390032,"timestamp":1680642906},{"type":"ask","price":29154.2101,"amount":0.00010123,"tid":205390031,"timestamp":1680642145},{"type":"bid","price":29178,"amount":0.00020429,"tid":205390030,"timestamp":1680641098},{"type":"bid","price":29172.78277005,"amount":0.00029571,"tid":205390029,"timestamp":1680641098},{"type":"bid","price":29172.78277005,"amount":0.00014893,"tid":205390028,"timestamp":1680641097},{"type":"ask","price":29177.96610169,"amount":0.00021208,"tid":205390027,"timestamp":1680641094},{"type":"ask","price":29178,"amount":0.00075,"tid":205390026,"timestamp":1680641094},{"type":"ask","price":29316.23999999,"amount":0.0005,"tid":205390025,"timestamp":1680641094},{"type":"ask","price":29178.00001,"amount":0.00001345,"tid":205390024,"timestamp":1680641086},{"type":"ask","price":29342.0401,"amount":0.00009655,"tid":205390023,"timestamp":1680641086},{"type":"ask","price":29342.0401,"amount":0.00010645,"tid":205390022,"timestamp":1680641085},{"type":"ask","price":29299.1,"amount":0.00025718,"tid":205390021,"timestamp":1680639686},{"type":"ask","price":29299.1,"amount":0.00030205,"tid":205390020,"timestamp":1680639678},{"type":"ask","price":29299.1,"amount":0.00021696,"tid":205390019,"timestamp":1680639658},{"type":"bid","price":29495.8,"amount":0.0002674,"tid":205390018,"timestamp":1680638739},{"type":"bid","price":29499.9,"amount":0.0001549,"tid":205390017,"timestamp":1680634160},{"type":"bid","price":29529.8,"amount":0.00017591,"tid":205390016,"timestamp":1680630978},{"type":"ask","price":29243.5001,"amount":0.00017799,"tid":205390015,"timestamp":1680630971},{"type":"ask","price":29243.6,"amount":0.00075,"tid":205390014,"timestamp":1680630955},{"type":"ask","price":29194.12,"amount":0.00018993,"tid":205390013,"timestamp":1680628047},{"type":"ask","price":29231.67,"amount":0.00010123,"tid":205390012,"timestamp":1680627546},{"type":"bid","price":29216.80000002,"amount":0.00270692,"tid":205390011,"timestamp":1680624403},{"type":"bid","price":29216.80000002,"amount":0.00022145,"tid":205390010,"timestamp":1680624403}]}